<?xml version='1.0' encoding='UTF-8'?>
<record xmlns="http://www.loc.gov/MARC21/slim">
  <leader>01212cam a2200277 a 4500</leader>
  <controlfield tag="001">416009</controlfield>
  <controlfield tag="003">NjP</controlfield>
  <controlfield tag="005">20171012081917.0</controlfield>
  <controlfield tag="008">871211q19501959iq       b    00010 ara d</controlfield>
  <datafield tag="024" ind1="7" ind2=" ">
    <subfield code="a">princeton_aco003274</subfield>
    <subfield code="2">local</subfield>
  </datafield>
  <datafield ind1=" " ind2=" " tag="035">
    <subfield code="a">(OCoLC)82334162</subfield>
  </datafield>
  <datafield ind1=" " ind2=" " tag="035">
    <subfield code="a">(CStRLIN)NJPG87-B61909</subfield>
  </datafield>
  <datafield ind1=" " ind2=" " tag="035">
    <subfield code="9">ABZ1546TS</subfield>
  </datafield>
  <datafield ind1=" " ind2=" " tag="040">
    <subfield code="a">NjP</subfield>
    <subfield code="c">NjP</subfield>
  </datafield>
  <datafield ind1="1" ind2=" " tag="100">
    <subfield code="a">Zaynī, Ṣāḥib.</subfield>
  </datafield>
  <datafield ind1="1" ind2="0" tag="245">
    <subfield code="a">Ṭibb al-Riḍá /</subfield>
    <subfield code="c">Ṣāḥib Zaynī ; [taḥqīq Murtaḍá al-ʻAskarī].</subfield>
  </datafield>
  <datafield ind1=" " ind2=" " tag="260">
    <subfield code="a">al-Najaf :</subfield>
    <subfield code="b">Maktabat al-Najāḥ,</subfield>
    <subfield code="c">[195-?]</subfield>
  </datafield>
  <datafield ind1=" " ind2=" " tag="300">
    <subfield code="a">170 p. ;</subfield>
    <subfield code="c">17 cm.</subfield>
  </datafield>
  <datafield ind1=" " ind2=" " tag="500">
    <subfield code="a">"Multaqá al-ʻaṣrayn (2)".</subfield>
  </datafield>
  <datafield ind1=" " ind2=" " tag="504">
    <subfield code="a">Includes bibliographical references.</subfield>
  </datafield>
  <datafield ind1="0" ind2="0" tag="600">
    <subfield code="a">ʻAlī al-Riḍā ibn Mūsá,</subfield>
    <subfield code="d">-818 or 819.</subfield>
    <subfield code="t">Risālah al-dhahabīyah.</subfield>
    <subfield code="0">http://id.loc.gov/authorities/names/n88242582</subfield>
  </datafield>
  <datafield ind1=" " ind2="0" tag="650">
    <subfield code="a">Medicine, Medieval.</subfield>
    <subfield code="0">http://id.loc.gov/authorities/subjects/sh85083152</subfield>
  </datafield>
  <datafield ind1="1" ind2=" " tag="700">
    <subfield code="a">ʻAskarī, Murtaḍá.</subfield>
  </datafield>
  <datafield ind1="0" ind2="2" tag="700">
    <subfield code="a">ʻAlī al-Riḍā ibn Mūsá,</subfield>
    <subfield code="d">-818 or 819.</subfield>
    <subfield code="t">Risālah al-dhahabīyah.</subfield>
    <subfield code="0">http://id.loc.gov/authorities/names/n80115654</subfield>
  </datafield>
  <datafield ind1=" " ind2=" " tag="998">
    <subfield code="a">10/19/90</subfield>
    <subfield code="s">9118</subfield>
    <subfield code="n">NjP</subfield>
    <subfield code="w">NJPG87B61909</subfield>
    <subfield code="d">12/11/87</subfield>
    <subfield code="c">KVV</subfield>
    <subfield code="b">000</subfield>
    <subfield code="i">901019</subfield>
    <subfield code="l">NJPG</subfield>
  </datafield>
  <datafield ind1=" " ind2=" " tag="911">
    <subfield code="a">19921028</subfield>
  </datafield>
  <datafield ind1=" " ind2=" " tag="912">
    <subfield code="a">19981210051336.0</subfield>
  </datafield>
  <datafield ind1="0" ind2="0" tag="852">
    <subfield code="0">453082</subfield>
    <subfield code="b">rcppa</subfield>
    <subfield code="t">1</subfield>
    <subfield code="h">BP193.18.A3</subfield>
    <subfield code="i">Z396 1950z</subfield>
    <subfield code="x">tr fr nec</subfield>
  </datafield>
  <datafield ind1=" " ind2=" " tag="959">
    <subfield code="a">2000-06-13 00:00:00 -0400</subfield>
  </datafield>
</record>
